@article{mcilhagga2011canny,
  title={The Canny edge detector revisited},
  author={McIlhagga, William},
  journal={International Journal of Computer Vision},
  volume={91},
  number={3},
  pages={251--261},
  year={2011},
  publisher={Springer}
}

@misc{ctmri,
        author= { Taddei, Alessandro and Jager, Franc and Smrdel, Ales and Bezlaj, Karmen  and Zadnikar, Maja},
        title = "CT-MRI database",
	url={https://lbcsi.fri.uni-lj.si/OBSS/Data/CTMRI/},
	howpublished = {Dosegljivo: \url{https://lbcsi.fri.uni-lj.si/OBSS/Data/CTMRI/}},
	journal={CT-MRI database},
        year = "2021",
        	note = "[Dostopano: 19. 1. 2021]"
}

@article{kalender2006x,
  title={X-ray computed tomography},
  author={Kalender, Willi A},
  journal={Physics in Medicine \& Biology},
  volume={51},
  number={13},
  pages={R29},
  year={2006},
  publisher={IOP Publishing}
}
